<record><leader>00000cas a22000007a 4500</leader><controlfield tag="001">20062912</controlfield><controlfield tag="008">890724d19561993mouwr ne      0    0eng d</controlfield><datafield ind1=" " ind2=" " tag="010"><subfield code="a">sn 89066713 </subfield></datafield><datafield ind1=" " ind2=" " tag="040"><subfield code="a">MQN</subfield><subfield code="b">eng</subfield><subfield code="c">MQN</subfield><subfield code="d">OCLCQ</subfield></datafield><datafield ind1=" " ind2=" " tag="042"><subfield code="a">msc</subfield></datafield><datafield ind1="0" ind2=" " tag="130"><subfield code="a">Monitor (Perryville, Mo.)</subfield></datafield><datafield ind1="1" ind2="4" tag="245"><subfield code="a">The monitor.</subfield></datafield><datafield ind1=" " ind2=" " tag="260"><subfield code="a">Perryville, Mo. :</subfield><subfield code="b">[E.L. Donze],</subfield><subfield code="c">1956-1993.</subfield></datafield><datafield ind1=" " ind2=" " tag="300"><subfield code="a">v.</subfield></datafield><datafield ind1=" " ind2=" " tag="310"><subfield code="a">Weekly</subfield></datafield><datafield ind1="0" ind2=" " tag="362"><subfield code="a">Vol. 77, no. 11 (Mar. 22, 1956)-v. 115, no. 4 (Jan. 28, 1993).</subfield></datafield><datafield ind1=" " ind2=" " tag="515"><subfield code="a">Vol. 77, no. 11 repeated in numbering from preceding title, following issue is v. 77, no. 13.</subfield></datafield><datafield ind1=" " ind2="4" tag="651"><subfield code="a">Perryville (Mo.)</subfield><subfield code="v">Newspapers.</subfield></datafield><datafield ind1=" " ind2="4" tag="651"><subfield code="a">Perry County (Mo.)</subfield><subfield code="v">Newspapers.</subfield></datafield><datafield ind1=" " ind2=" " tag="752"><subfield code="a">United States</subfield><subfield code="b">Missouri</subfield><subfield code="c">Perry</subfield><subfield code="d">Perryville.</subfield></datafield><datafield ind1="0" ind2="0" tag="780"><subfield code="t">Perry County sun</subfield><subfield code="w">(DLC)sn 86063653</subfield></datafield><datafield ind1="0" ind2="7" tag="785"><subfield code="t">Perry County republic</subfield><subfield code="w">(DLC)sn 89066717</subfield></datafield><datafield ind1="0" ind2="7" tag="785"><subfield code="t">Perry County repubic-monitor</subfield><subfield code="w">(DLC)sn 93060160</subfield></datafield><datafield ind1="1" ind2=" " tag="029"><subfield code="a">AU@</subfield><subfield code="b">000020560518</subfield></datafield></record>